@online{bozer,
  author =       "Ali Bozer",
  title =        "A Seismic performance of shallow depth tuned liquid damper",
  journal =      "Researching on Engineering Structure and Material",
  volume =       "7",
  number =       "3",
  pages =        "431--444",
  day =          "25",
  month =        "May",
  year =         "2021",
  DOI =          "http://dx.doi.org/10.17515/resm2020.235st1210",
}

@online{garcia,
    author = "Victor Garcia and others",
    title = "endulum tuned mass damper: optimization and performance assessment in structures with elastoplastic behavior",
    journal = "Heliyon",
    volume = "7",
    number = "6", 
    month = "June",
    year = "2021",
    url = "www.sciencedirect.com/science/article/pii/S2405844021013244"
}

@article{how, 
    title = "How Do Earthquakes Happen? Structural Engineers Association of Northern California",
    url = "https://www.seaonc.org/page/Earthquakes",
    publisher = "Structural Engineers Association of Northern California"
}

@Article{matplotlib,
  Author    = {Hunter, J. D.},
  Title     = {Matplotlib: A 2D graphics environment},
  Journal   = {Computing in Science \& Engineering},
  Volume    = {9},
  Number    = {3},
  Pages     = {90--95},
  abstract  = {Matplotlib is a 2D graphics package used for Python for
  application development, interactive scripting, and publication-quality
  image generation across user interfaces and operating systems.},
  publisher = {IEEE COMPUTER SOC},
  doi       = {10.1109/MCSE.2007.55},
  year      = 2007
}

@online{connor,
    author = "J. Connor",
    title = "On Tuned Mass Dampers: Chapter 4, Tuned Mass Damper Systems",
    publisher = "Purdue Engineering",
    month = "July",
    year = "2002", 
    url = "https://engineering.purdue.edu/~ce573/Documents/Intro\%20to\%20Structural\%20Motion\%20Control\_Chapter4.pdf"
}

@online{lourenco,
    author = "Richard Lourenco", 
    title = "Design, Construction and Testing of an Adaptive Pendulum Tuned Mass Damper",
    publisher = "University of Waterloo", 
    year = "2011", 
    url = "uwspace.uwaterloo.ca/bitstream/handle/10012/5776/Lourenco\_Richard.pdf;jsessionid=9FA66E275C48C04EDFAD18345EA8A885?sequence=1"
}

@online{orloff,
    author = "Jeremy Orloff ", 
    title = "Tuned Mass Dampers",
    year = "2012",
    publisher = "Massachusetts Institute of Technology"
}

@online{vance, 
    author = "Erik Vance",
    title = "Why the Mexico CITY Earthquake Shook UP DISASTER PREDICTIONS",
    publisher = "Scientific American, Scientific American",
    year = "2017", 
    day = "21",
    month = "September",
    url = "www.scientificamerican.com/article/why-the-mexico-city-earthquake-shook-up-disaster-predictions1/"
}

@Article{numpy,
 title         = {Array programming with {NumPy}},
 author        = {Charles R. Harris and K. Jarrod Millman and St{\'{e}}fan J.
                 van der Walt and Ralf Gommers and Pauli Virtanen and David
                 Cournapeau and Eric Wieser and Julian Taylor and Sebastian
                 Berg and Nathaniel J. Smith and Robert Kern and Matti Picus
                 and Stephan Hoyer and Marten H. van Kerkwijk and Matthew
                 Brett and Allan Haldane and Jaime Fern{\'{a}}ndez del
                 R{\'{i}}o and Mark Wiebe and Pearu Peterson and Pierre
                 G{\'{e}}rard-Marchant and Kevin Sheppard and Tyler Reddy and
                 Warren Weckesser and Hameer Abbasi and Christoph Gohlke and
                 Travis E. Oliphant},
 year          = {2020},
 month         = sep,
 journal       = {Nature},
 volume        = {585},
 number        = {7825},
 pages         = {357--362},
 doi           = {10.1038/s41586-020-2649-2},
 publisher     = {Springer Science and Business Media {LLC}},
 url           = {https://doi.org/10.1038/s41586-020-2649-2}
}

@book{python,
 author = {Van Rossum, Guido and Drake, Fred L.},
 title = {Python 3 Reference Manual},
 year = {2009},
 isbn = {1441412697},
 publisher = {CreateSpace},
 address = {Scotts Valley, CA}
} 

@Article{ssh,
    author="Tatu Ylonen",
    title = "SSH - Secure Login Connections over the Internet",
    journal = "Proceedings of the 6th USENIX Security Symposium",
    pages = "37--42",
    publisher = "USENIX",
    year = "1996"
}